@Book{turingomnibus,
  title = {The New Turing Omnibus: Sixty-six excursions in Computer Science},
  author = {A. K. Dewdney},
  publisher = {Henry Holt},
  address = {New York},
  year = {2001},
  isbn = {9780805071665},
  url = {https://en.wikipedia.org/wiki/Special:BookSources?isbn=978-0805071665}
}

@article{alanturing,
  doi = {10.1112/plms/s2-42.1.230},
  url = {https://doi.org/10.1112/plms/s2-42.1.230},
  year = {1937},
  publisher = {Wiley},
  volume = {s2-42},
  number = {1},
  pages = {230--265},
  author = {Alan Turing},
  title = {On Computable Numbers, with an Application to the Entscheidungsproblem},
  journal = {Proceedings of the London Mathematical Society}
}

@misc{googlescholar,
  author       = {Anon},
  title        = {Alan Turing Google Scholar page},
  url          = {https://scholar.google.co.uk/citations?user=VWCHlwkAAAAJ},
  year         = {2020},
}